@inproceedings{Ding_2020, series={SIGMOD/PODS ’20},
   title={ALEX: An Updatable Adaptive Learned Index},
   url={http://dx.doi.org/10.1145/3318464.3389711},
   DOI={10.1145/3318464.3389711},
   booktitle={Proceedings of the 2020 ACM SIGMOD International Conference on Management of Data},
   publisher={ACM},
   author={Ding, Jialin and Minhas, Umar Farooq and Yu, Jia and Wang, Chi and Do, Jaeyoung and Li, Yinan and Zhang, Hantian and Chandramouli, Badrish and Gehrke, Johannes and Kossmann, Donald and Lomet, David and Kraska, Tim},
   year={2020},
   month=may, collection={SIGMOD/PODS ’20}
}
@inproceedings{46518,title	= {The Case for Learned Index Structures},author	= {Tim Kraska and Alex Beutel and Ed H. Chi and Jeff Dean and Neoklis Polyzotis},year	= {2018},URL	= {https://arxiv.org/abs/1712.01208}}